<record><leader>00000cas a22000007a 4500</leader><controlfield tag="001">14178898</controlfield><controlfield tag="008">860904d18411844pauwr ne      0    0eng d</controlfield><controlfield tag="009">3768</controlfield><datafield ind1=" " ind2=" " tag="010"><subfield code="a">sn 86053666 </subfield></datafield><datafield ind1=" " ind2=" " tag="040"><subfield code="a">NPX</subfield><subfield code="b">eng</subfield><subfield code="c">NPX</subfield><subfield code="d">NPH</subfield><subfield code="d">OCLCQ</subfield><subfield code="d">DLC</subfield><subfield code="d">OCLCF</subfield></datafield><datafield ind1=" " ind2=" " tag="042"><subfield code="a">msc</subfield></datafield><datafield ind1=" " ind2=" " tag="043"><subfield code="a">n-us-pa</subfield></datafield><datafield ind1="0" ind2="0" tag="050"><subfield code="a">Newspaper</subfield></datafield><datafield ind1="0" ind2="0" tag="245"><subfield code="a">Lancaster examiner &amp; Democratic herald.</subfield></datafield><datafield ind1="0" ind2="0" tag="246"><subfield code="a">Lancaster examiner and Democratic herald</subfield></datafield><datafield ind1="0" ind2="3" tag="246"><subfield code="a">Examiner &amp; herald</subfield></datafield><datafield ind1="0" ind2="3" tag="246"><subfield code="a">Examiner &amp; Democratic herald</subfield></datafield><datafield ind1=" " ind2=" " tag="260"><subfield code="a">Lancaster City, Penn. :</subfield><subfield code="b">R. White Middleton,</subfield><subfield code="c">1841-1844.</subfield></datafield><datafield ind1=" " ind2=" " tag="300"><subfield code="a">v. :</subfield><subfield code="b">ill. (chiefly advertisements)</subfield></datafield><datafield ind1=" " ind2=" " tag="310"><subfield code="a">Weekly</subfield></datafield><datafield ind1="0" ind2=" " tag="362"><subfield code="a">New ser. v. 3, no. 18 (Apr. 7, 1841)-v. 6, no. 14 (Mar. 13, 1844).</subfield></datafield><datafield ind1=" " ind2=" " tag="500"><subfield code="a">"Democratic Whig," &lt;1841&gt;.</subfield></datafield><datafield ind1=" " ind2=" " tag="515"><subfield code="a">Issues for Apr. 7, 1841- called also Vol. 15, no. 2-</subfield></datafield><datafield ind1=" " ind2="0" tag="651"><subfield code="a">Lancaster (Pa.)</subfield><subfield code="v">Newspapers.</subfield></datafield><datafield ind1=" " ind2="7" tag="655"><subfield code="a">Newspapers.</subfield><subfield code="2">fast</subfield><subfield code="0">(OCoLC)fst01423814</subfield></datafield><datafield ind1=" " ind2="7" tag="651"><subfield code="a">Pennsylvania</subfield><subfield code="z">Lancaster.</subfield><subfield code="2">fast</subfield><subfield code="0">(OCoLC)fst01206374</subfield></datafield><datafield ind1=" " ind2=" " tag="752"><subfield code="a">United States</subfield><subfield code="b">Pennsylvania</subfield><subfield code="c">Lancaster</subfield><subfield code="d">Lancaster.</subfield></datafield><datafield ind1="0" ind2="0" tag="780"><subfield code="t">Examiner and Democratic herald</subfield><subfield code="w">(DLC)sn 86053665</subfield></datafield><datafield ind1="0" ind2="0" tag="785"><subfield code="t">Examiner and herald (Lancaster, Pa. : 1844)</subfield><subfield code="w">(DLC)sn 89077176</subfield></datafield></record>